@article{ribeiro2019family,
  title={Learning Genetic and Environmental Graphical Models from Family Data},
  author={Ribeiro, Adele Helena and Soler, Julia M P},
  journal={Submitted for publication},
  year={2019}
}


@article{almasy1998multipoint,
  author =        {Almasy, Laura and Blangero, John},
  journal =       {The American Journal of Human Genetics},
  number =        {5},
  pages =         {1198--1211},
  publisher =     {Elsevier},
  title =         {Multipoint quantitative-trait linkage analysis in
                   general pedigrees},
  volume =        {62},
  year =          {1998},
}



@book{spirtes2000causation,
  author =        {Spirtes, Peter and Glymour, Clark N and
                   Scheines, Richard},
  publisher =     {MIT press},
  title =         {Causation, prediction, and search},
  volume =        {81},
  year =          {2000},
}



@book{pearl2000causality,
  author =        {Pearl, Judea},
  publisher =     {Cambridge University Press, Cambridge, UK},
  title =         {Causality: models, reasoning, and inference},
  year =          {2000},
}

@book{lange2003mathematical,
  author =        {Lange, Kenneth},
  publisher =     {Springer Science \& Business Media},
  title =         {Mathematical and statistical methods for genetic
                   analysis},
  year =          {2003},
}
